@ARTICLE{Soppa2022-kb,
  title    = "Non-equivalent genomes in polyploid prokaryotes",
  author   = "Soppa, Jörg",
  journal  = "Nat Microbiol",
  volume   =  7,
  number   =  2,
  pages    = "186--188",
  month    =  feb,
  year     =  2022,
  language = "en"
}
@ARTICLE{Gilbert2016-cl,
  title     = "Microbiome-wide association studies link dynamic microbial
               consortia to disease",
  author    = "Gilbert, Jack A and Quinn, Robert A and Debelius, Justine and Xu,
               Zhenjiang Z and Morton, James and Garg, Neha and Jansson, Janet K
               and Dorrestein, Pieter C and Knight, Rob",
  journal   = "Nature",
  publisher = "Springer Science and Business Media LLC",
  volume    =  535,
  number    =  7610,
  pages     = "94--103",
  month     =  jul,
  year      =  2016,
  language  = "en"
}
@ARTICLE{Surana2017-kq,
  title    = "Moving beyond microbiome-wide associations to causal microbe
              identification",
  author   = "Surana, Neeraj K and Kasper, Dennis L",
  journal  = "Nature",
  volume   =  552,
  number   =  7684,
  pages    = "244--247",
  month    =  dec,
  year     =  2017,
  language = "en"
}
@ARTICLE{Soppa2017-uc,
  title    = "Polyploidy and community structure",
  author   = "Soppa, Jörg",
  journal  = "Nat Microbiol",
  volume   =  2,
  pages    =  16261,
  month    =  jan,
  year     =  2017,
  language = "en"
}
@ARTICLE{Van_de_Peer2017-vq,
  title    = "The evolutionary significance of polyploidy",
  author   = "Van de Peer, Yves and Mizrachi, Eshchar and Marchal, Kathleen",
  journal  = "Nat. Rev. Genet.",
  volume   =  18,
  number   =  7,
  pages    = "411--424",
  month    =  jul,
  year     =  2017,
  language = "en"
}
@ARTICLE{Hu2025-hi,
  title     = "Most bacterial gene families are biased toward specific
               chromosomal positions",
  author    = "Hu, Xiao-Pan and Brahmantio, Bayu and Bartoszek, Krzysztof and
               Lercher, Martin J",
  journal   = "Science",
  publisher = "American Association for the Advancement of Science (AAAS)",
  volume    =  388,
  number    =  6743,
  pages     = "186--191",
  month     =  apr,
  year      =  2025,
  language  = "en"
}
@ARTICLE{Arakawa2007-ks,
  title    = "The {GC} skew index: a measure of genomic compositional asymmetry
              and the degree of replicational selection",
  author   = "Arakawa, Kazuharu and Tomita, Masaru",
  journal  = "Evol. Bioinform. Online",
  volume   =  3,
  pages    = "159--168",
  month    =  sep,
  year     =  2007,
  keywords = "DNA replication; GC skew; GCSI; bioinformatics; fast Fourier
              transforms; replicational selection",
  language = "en"
}
@ARTICLE{Arakawa2009-bx,
  title    = "Quantitative analysis of replication-related mutation and
              selection pressures in bacterial chromosomes and plasmids using
              generalised {GC} skew index",
  author   = "Arakawa, Kazuharu and Suzuki, Haruo and Tomita, Masaru",
  journal  = "BMC Genomics",
  volume   =  10,
  pages    =  640,
  month    =  dec,
  year     =  2009,
  language = "en"
}
@ARTICLE{Pecoraro2011-yg,
  title    = "Quantification of ploidy in proteobacteria revealed the existence
              of monoploid, (mero-)oligoploid and polyploid species",
  author   = "Pecoraro, Vito and Zerulla, Karolin and Lange, Christian and
              Soppa, Jörg",
  journal  = "PLoS One",
  volume   =  6,
  number   =  1,
  pages    = "e16392",
  month    =  jan,
  year     =  2011,
  language = "en"
}
@ARTICLE{Griese2011-wv,
  title    = "Ploidy in cyanobacteria",
  author   = "Griese, Marco and Lange, Christian and Soppa, Jörg",
  journal  = "FEMS Microbiol. Lett.",
  volume   =  323,
  number   =  2,
  pages    = "124--131",
  month    =  oct,
  year     =  2011,
  language = "en"
}

