@book{barlow1995statistics,
  title={Statistics: A Guide to the Use of Statistical Methods in the Physical Sciences},
  author={Barlow, R.},
  series={Manchester physics series},
  url={https://books.google.dk/books?id=rvxunQEACAAJ},
  year={1995},
  publisher={Wiley}
}


@book{handbook,
   title =     {The Handbook of Astronomical Image Processing},
   author =    {Richard Berry, James Burnell},
   publisher = {Willmann-Bell},
   isbn =      {0943396824; 9780943396828},
   year =      {2005},
   edition =   {2},
}

@article{Horne_1986,
doi = {10.1086/131801},
url = {https://dx.doi.org/10.1086/131801},
year = {1986},
month = {jun},
publisher = {The Astronomical Society of the Pacific},
volume = {98},
number = {604},
pages = {609},
author = {Horne, K.},
title = {AN OPTIMAL EXTRACTION ALGORITHM FOR CCD SPECTROSCOPY.},
journal = {Publications of the Astronomical Society of the Pacific},
abstract = {An optimal spectrum extraction procedure is described, and examples of its performance with CCD data are presented. The algorithm delivers the maximum possible signal-to-noise ratio while preserving spectrophotometric accuracy. The effects of moderate geometric distortion and of cosmic-ray hits on the spectrum are automatically accounted for. In tests with background-noise limited CCD spectra, optimal extraction offers a 70-percent gain in effective exposure time in comparison with conventional extraction procedures.}
}

@software{cr_1,
  author       = {Curtis McCully and
                  Steve Crawford and
                  Gabor Kovacs and
                  Erik Tollerud and
                  Edward Betts and
                  Larry Bradley and
                  Matt Craig and
                  James Turner and
                  Ole Streicher and
                  Brigitta Sipocz and
                  Thomas Robitaille and
                  Christoph Deil},
  title        = {astropy/astroscrappy: v1.0.5 Zenodo Release},
  month        = nov,
  year         = 2018,
  publisher    = {Zenodo},
  version      = {v1.0.5},
  doi          = {10.5281/zenodo.1482019},
  url          = {https://doi.org/10.5281/zenodo.1482019},
}

@article{cr_2,
   title={Cosmic‐Ray Rejection by Laplacian Edge Detection},
   volume={113},
   ISSN={1538-3873},
   url={http://dx.doi.org/10.1086/323894},
   DOI={10.1086/323894},
   number={789},
   journal={Publications of the Astronomical Society of the Pacific},
   publisher={IOP Publishing},
   author={van Dokkum, Pieter G.},
   year={2001},
   month=nov, pages={1420–1427} 
}

@book{Howell_2006, place={Cambridge}, edition={2}, series={Cambridge Observing Handbooks for Research Astronomers}, title={Handbook of CCD Astronomy}, publisher={Cambridge University Press}, author={Howell, Steve B.}, year={2006}, collection={Cambridge Observing Handbooks for Research Astronomers}} 


@book{chromey2010measure,
  title={To Measure the Sky: An Introduction to Observational Astronomy},
  author={Chromey, F.R.},
  isbn={9780521763868},
  lccn={2010000052},
  series={To Measure the Sky: An Introduction to Observational Astronomy},
  url={https://books.google.dk/books?id=OB29T2BWLD4C},
  year={2010},
  publisher={Cambridge University Press}
}


@ARTICLE{pypeit:joss_arXiv,
       author = {{Prochaska}, J. Xavier and {Hennawi}, Joseph F. and {Westfall}, Kyle B. and
         {Cooke}, Ryan J. and {Wang}, Feige and {Hsyu}, Tiffany and
         {Davies}, Frederick B. and {Farina}, Emanuele Paolo},
        title = "{PypeIt: The Python Spectroscopic Data Reduction Pipeline}",
      journal = {arXiv e-prints},
     keywords = {Astrophysics - Instrumentation and Methods for Astrophysics},
         year = 2020,
        month = may,
          eid = {arXiv:2005.06505},
        pages = {arXiv:2005.06505},
archivePrefix = {arXiv},
       eprint = {2005.06505},
 primaryClass = {astro-ph.IM},
       adsurl = {https://ui.adsabs.harvard.edu/abs/2020arXiv200506505P},
      adsnote = {Provided by the SAO/NASA Astrophysics Data System}
}

@article{pypeit:joss_pub,
    doi = {10.21105/joss.02308},
    url = {https://doi.org/10.21105/joss.02308},
    year = {2020},
    publisher = {The Open Journal},
    volume = {5},
    number = {56},
    pages = {2308},
    author = {J. Xavier Prochaska and Joseph F. Hennawi and Kyle B. Westfall and Ryan J. Cooke and Feige Wang and Tiffany Hsyu and Frederick B. Davies and Emanuele Paolo Farina and Debora Pelliccia},
    title = {PypeIt: The Python Spectroscopic Data Reduction Pipeline},
    journal = {Journal of Open Source Software}
}

@MISC{pypeit:zenodo,
       author = {{Prochaska}, J. Xavier and {Hennawi}, Joseph and {Cooke}, Ryan and
         {Westfall}, Kyle and {Wang}, Feige and {EmAstro} and {Tiffanyhsyu} and
         {Wasserman}, Asher and {Villaume}, Alexa and {Marijana777} and
         {Schindler}, JT and {Young}, David and {Simha}, Sunil and
         {Wilde}, Matt and {Tejos}, Nicolas and {Isbell}, Jacob and
         {Fl{\"o}rs}, Andreas and {Sandford}, Nathan and {Vasovi{\'c}}, Zlatan and
         {Betts}, Edward and {Holden}, Brad},
        title = "{pypeit/PypeIt: Release 1.0.0}",
         year = 2020,
        month = apr,
          eid = {10.5281/zenodo.3743493},
          doi = {10.5281/zenodo.3743493},
      version = {v1.0.0},
    publisher = {Zenodo},
       adsurl = {https://ui.adsabs.harvard.edu/abs/2020zndo...3743493P},
      adsnote = {Provided by the SAO/NASA Astrophysics Data System}
}


@book{spectroscopic,
author = {Eversberg, Thomas and Vollmann, Klaus},
year = {2015},
month = {01},
pages = {},
title = {Spectroscopic Instrumentation},
isbn = {978-3-662-44534-1},
doi = {10.1007/978-3-662-44535-8}
}

@software{photutils,
  author       = {Larry Bradley and
                  Brigitta Sip{\H o}cz and
                  Thomas Robitaille and
                  Erik Tollerud and
                  Z\`e Vin{\'{\i}}cius and
                  Christoph Deil and
                  Kyle Barbary and
                  Tom J Wilson and
                  Ivo Busko and
                  Axel Donath and
                  Hans Moritz G{\"u}nther and
                  Mihai Cara and
                  P. L. Lim and
                  Sebastian Me{\ss}linger and
                  Zach Burnett and
                  Simon Conseil and
                  Michael Droettboom and
                  Azalee Bostroem and
                  E. M. Bray and
                  Lars Andersen Bratholm and
                  William Jamieson and
                  Adam Ginsburg and
                  Geert Barentsen and
                  Matt Craig and
                  Sergio Pascual and
                  Shivangee Rathi and
                  Marshall Perrin and
                  Brett M. Morris and
                  Gabriel Perren},
  title        = {astropy/photutils: 1.13.0},
  month        = jun,
  year         = 2024,
  publisher    = {Zenodo},
  version      = {1.13.0},
  doi          = {10.5281/zenodo.12585239},
  url          = {https://doi.org/10.5281/zenodo.12585239}
}

@inproceedings{IRAF,
  author    = {Tody, D.},
  title     = {The IRAF Data Reduction and Analysis System},
  booktitle = {Proc. SPIE Instrumentation in Astronomy VI},
  editor    = {Crawford, D.L.},
  volume    = {627},
  pages     = {733},
  year      = {1986},
  publisher = {SPIE},
  doi       = {10.1117/12.969629},
  url       = {https://adsabs.harvard.edu/abs/1986SPIE..627..733T}
}
