 @misc{nzhagen_2013,
 	title={jcamp: A set of python utilities for reading JCAMP-DX files},
	url={https://github.com/nzhagen/jcamp},
	publisher={GitHub},
	journal={Github repository},
	author={N. Hagen},
	year={2013},
	month={Jul}
}
