@inproceedings{Bazeille2019,
  title     = "Local Optimal Transport for Functional Brain Template Estimation",
  author    = "Bazeille, T and Richard, H and Janati, H and Thirion, B",
  booktitle = "Information Processing in Medical Imaging",
  publisher = "Springer International Publishing",
  pages     = "237--248",
  year      =  2019
}

@article{Bazeille2021,
  title    = "An empirical evaluation of functional alignment using
              inter-subject decoding",
  author   = "Bazeille, Thomas and DuPre, Elizabeth and Richard, Hugo and
              Poline, Jean-Baptiste and Thirion, Bertrand",
  journal  = "Neuroimage",
  pages    =  118683,
  month    =  oct,
  year     =  2021,
}

@article{Richard2019,
  title         = "Fast shared response model for {fMRI} data",
  author        = "Richard, Hugo and Martin, Lucas and Pinho, Ana Luisa and
                   Pillow, Jonathan and Thirion, Bertrand",
  journal       = "arXiv [cs.CV]",
  month         =  sep,
  year          =  2019,
  archivePrefix = "arXiv",
  primaryClass  = "cs.CV"
}

@inproceedings{Thual2022,
  title     = "Aligning individual brains with Fused Unbalanced
               Gromov-Wasserstein",
  author    = "Thual, Alexis and Tran, Huy and Zemskova, Tatiana and Courty,
               Nicolas and Flamary, Rémi and Dehaene, Stanislas and Thirion,
               Bertrand",
  booktitle = "Advances in Neural Information Processing Systems 35 (NeurIPS
               2022)",
  month     =  jun,
  year      =  2022
}

@article{Ma2023,
    author = {Feilong, Ma and Nastase, Samuel A. and Jiahui, Guo and Halchenko, Yaroslav O. and Gobbini, M. Ida and Haxby, James V.},
    title = "{The individualized neural tuning model: Precise and generalizable cartography of functional architecture in individual brains}",
    journal = {Imaging Neuroscience},
    volume = {1},
    pages = {1-34},
    year = {2023},
    month = {11},
    issn = {2837-6056},
    doi = {10.1162/imag_a_00032},
}

@article {Haxby2001,
	author = {Haxby, James V. and Gobbini, M. Ida and Furey, Maura L. and Ishai, Alumit and Schouten, Jennifer L. and Pietrini, Pietro},
	title = {Distributed and Overlapping Representations of Faces and Objects in Ventral Temporal Cortex},
	volume = {293},
	number = {5539},
	pages = {2425--2430},
	year = {2001},
	doi = {10.1126/science.1063736},
	publisher = {American Association for the Advancement of Science},
	issn = {0036-8075},
	journal = {Science}
}

@article{Haxby2011,
  title = {A Common,  High-Dimensional Model of the Representational Space in Human Ventral Temporal Cortex},
  volume = {72},
  issn = {0896-6273},
  doi = {10.1016/j.neuron.2011.08.026},
  number = {2},
  journal = {Neuron},
  publisher = {Elsevier BV},
  author = {Haxby,  James V. and Guntupalli,  J. Swaroop and Connolly,  Andrew C. and Halchenko,  Yaroslav O. and Conroy,  Bryan R. and Gobbini,  M. Ida and Hanke,  Michael and Ramadge,  Peter J.},
  year = {2011},
  month = oct,
  pages = {404–416}
}
