@ARTICLE{Diemer:2018,
       author = {{Diemer}, Benedikt},
        title = "{COLOSSUS: A Python Toolkit for Cosmology, Large-scale Structure, and Dark Matter Halos}",
      journal = {\apjs},
     keywords = {cosmology: theory, methods: numerical, Astrophysics - Cosmology and Nongalactic Astrophysics, Astrophysics - Instrumentation and Methods for Astrophysics},
         year = 2018,
        month = dec,
       volume = {239},
       number = {2},
          eid = {35},
        pages = {35},
          doi = {10.3847/1538-4365/aaee8c},
archivePrefix = {arXiv},
       eprint = {1712.04512},
 primaryClass = {astro-ph.CO},
}

@ARTICLE{Chisari:2019,
       author = {{Chisari}, Nora Elisa and {Alonso}, David and {Krause}, Elisabeth and {Leonard}, C. Danielle and {Bull}, Philip and {Neveu}, J{\'e}r{\'e}my and {Villarreal}, Antonia Sierra and {Singh}, Sukhdeep and {McClintock}, Thomas and {Ellison}, John and {Du}, Zilong and {Zuntz}, Joe and {Mead}, Alexander and {Joudaki}, Shahab and {Lorenz}, Christiane S. and {Tr{\"o}ster}, Tilman and {Sanchez}, Javier and {Lanusse}, Francois and {Ishak}, Mustapha and {Hlozek}, Ren{\'e}e and {Blazek}, Jonathan and {Campagne}, Jean-Eric and {Almoubayyed}, Husni and {Eifler}, Tim and {Kirby}, Matthew and {Kirkby}, David and {Plaszczynski}, St{\'e}phane and {Slosar}, An{\v{z}}e and {Vrastil}, Michal and {Wagoner}, Erika L. and {LSST Dark Energy Science Collaboration}},
        title = "{Core Cosmology Library: Precision Cosmological Predictions for LSST}",
      journal = {\apjs},
     keywords = {cosmology: theory, dark energy, large-scale structure of universe, Astrophysics - Cosmology and Nongalactic Astrophysics, Astrophysics - Instrumentation and Methods for Astrophysics},
         year = 2019,
        month = may,
       volume = {242},
       number = {1},
          eid = {2},
        pages = {2},
          doi = {10.3847/1538-4365/ab1658},
archivePrefix = {arXiv},
       eprint = {1812.05995},
 primaryClass = {astro-ph.CO},
}

@ARTICLE{Smith:2003,
       author = {{Smith}, R.~E. and {Peacock}, J.~A. and {Jenkins}, A. and {White}, S.~D.~M. and {Frenk}, C.~S. and {Pearce}, F.~R. and {Thomas}, P.~A. and {Efstathiou}, G. and {Couchman}, H.~M.~P.},
        title = "{Stable clustering, the halo model and non-linear cosmological power spectra}",
      journal = {\mnras},
     keywords = {methods: N-body simulations, cosmology: theory, large-scale structure of Universe, Astrophysics},
         year = 2003,
        month = jun,
       volume = {341},
       number = {4},
        pages = {1311-1332},
          doi = {10.1046/j.1365-8711.2003.06503.x},
archivePrefix = {arXiv},
       eprint = {astro-ph/0207664},
 primaryClass = {astro-ph},
}

@ARTICLE{Hearin:2017,
       author = {{Hearin}, Andrew P. and {Campbell}, Duncan and {Tollerud}, Erik and {Behroozi}, Peter and {Diemer}, Benedikt and {Goldbaum}, Nathan J. and {Jennings}, Elise and {Leauthaud}, Alexie and {Mao}, Yao-Yuan and {More}, Surhud and {Parejko}, John and {Sinha}, Manodeep and {Sip{\"o}cz}, Brigitta and {Zentner}, Andrew},
        title = "{Forward Modeling of Large-scale Structure: An Open-source Approach with Halotools}",
      journal = {\aj},
     keywords = {cosmology: theory, galaxies: halos, galaxies: statistics, large-scale structure of universe, Astrophysics - Instrumentation and Methods for Astrophysics, Astrophysics - Cosmology and Nongalactic Astrophysics, Astrophysics - Astrophysics of Galaxies},
         year = 2017,
        month = nov,
       volume = {154},
       number = {5},
          eid = {190},
        pages = {190},
          doi = {10.3847/1538-3881/aa859f},
archivePrefix = {arXiv},
       eprint = {1606.04106},
 primaryClass = {astro-ph.IM},
}

@ARTICLE{Keruzore:2024,
       author = {{K{\'e}ruzor{\'e}}, Florian and {Bleem}, L.~E. and {Frontiere}, N. and {Krishnan}, N. and {Buehlmann}, M. and {Emberson}, J.~D. and {Habib}, S. and {Larsen}, P.},
        title = "{The picasso gas model: Painting intracluster gas on gravity-only simulations}",
      journal = {The Open Journal of Astrophysics},
     keywords = {Astrophysics - Cosmology and Nongalactic Astrophysics},
         year = 2024,
        month = dec,
       volume = {7},
          eid = {116},
        pages = {116},
          doi = {10.33232/001c.127486},
archivePrefix = {arXiv},
       eprint = {2408.17445},
 primaryClass = {astro-ph.CO},
}

@ARTICLE{Campagne:2023,
       author = {{Campagne}, Jean-Eric and {Lanusse}, Fran{\c{c}}ois and {Zuntz}, Joe and {Boucaud}, Alexandre and {Casas}, Santiago and {Karamanis}, Minas and {Kirkby}, David and {Lanzieri}, Denise and {Peel}, Austin and {Li}, Yin},
        title = "{JAX-COSMO: An End-to-End Differentiable and GPU Accelerated Cosmology Library}",
      journal = {The Open Journal of Astrophysics},
     keywords = {Astrophysics - Cosmology and Nongalactic Astrophysics, Astrophysics - Instrumentation and Methods for Astrophysics},
         year = 2023,
        month = apr,
       volume = {6},
          eid = {15},
        pages = {15},
          doi = {10.21105/astro.2302.05163},
archivePrefix = {arXiv},
       eprint = {2302.05163},
 primaryClass = {astro-ph.CO},
}

@ARTICLE{Piras:2023,
       author = {{Piras}, Davide and {Spurio Mancini}, Alessio},
        title = "{CosmoPower-JAX: high-dimensional Bayesian inference with differentiable cosmological emulators}",
      journal = {The Open Journal of Astrophysics},
     keywords = {Astrophysics - Cosmology and Nongalactic Astrophysics, Astrophysics - Instrumentation and Methods for Astrophysics, Computer Science - Machine Learning},
         year = 2023,
        month = jul,
       volume = {6},
          eid = {20},
        pages = {20},
          doi = {10.21105/astro.2305.06347},
archivePrefix = {arXiv},
       eprint = {2305.06347},
 primaryClass = {astro-ph.CO},
}

@ARTICLE{Stevanovich:2023,
       author = {{Stevanovich}, Dash and {Hearin}, Andrew P. and {Nagai}, Daisuke},
        title = "{A differentiable model of the evolution of dark matter halo concentration}",
      journal = {\mnras},
     keywords = {software: simulations, large-scale structure of Universe, Astrophysics - Cosmology and Nongalactic Astrophysics, Astrophysics - Astrophysics of Galaxies},
         year = 2023,
        month = nov,
       volume = {526},
       number = {1},
        pages = {1528-1544},
          doi = {10.1093/mnras/stad2854},
archivePrefix = {arXiv},
       eprint = {2309.07854},
 primaryClass = {astro-ph.CO},
}

@ARTICLE{Alarcon:2023,
       author = {{Alarcon}, Alex and {Hearin}, Andrew P. and {Becker}, Matthew R. and {Chaves-Montero}, Jon{\'a}s},
        title = "{Diffstar: a fully parametric physical model for galaxy assembly history}",
      journal = {\mnras},
     keywords = {galaxies: evolution, galaxies: fundamental parameters, galaxies: star formation, Astrophysics - Astrophysics of Galaxies, Astrophysics - Cosmology and Nongalactic Astrophysics},
         year = 2023,
        month = jan,
       volume = {518},
       number = {1},
        pages = {562-584},
          doi = {10.1093/mnras/stac3118},
archivePrefix = {arXiv},
       eprint = {2205.04273},
 primaryClass = {astro-ph.GA},
}

@ARTICLE{Hearin:2022,
       author = {{Hearin}, Andrew P. and {Ramachandra}, Nesar and {Becker}, Matthew R. and {DeRose}, Joseph},
        title = "{Differentiable Predictions for Large Scale Structure with SHAMNet}",
      journal = {The Open Journal of Astrophysics},
     keywords = {cosmology, large-scale structure of the Universe, galaxy clustering, N-body simulations, Astrophysics - Cosmology and Nongalactic Astrophysics, Astrophysics - Astrophysics of Galaxies},
         year = 2022,
        month = feb,
       volume = {5},
          eid = {3},
        pages = {3},
          doi = {10.21105/astro.2112.08423},
archivePrefix = {arXiv},
       eprint = {2112.08423},
 primaryClass = {astro-ph.CO},
}

@ARTICLE{Hearin:2021,
       author = {{Hearin}, Andrew P. and {Chaves-Montero}, Jon{\'a}s and {Becker}, Mathew R. and {Alarcon}, Alex},
        title = "{A Differentiable Model of the Assembly of Individual and Populations of Dark Matter Halos}",
      journal = {The Open Journal of Astrophysics},
     keywords = {Astrophysics - Cosmology and Nongalactic Astrophysics, Astrophysics - Astrophysics of Galaxies},
         year = 2021,
        month = jul,
       volume = {4},
       number = {1},
          eid = {7},
        pages = {7},
          doi = {10.21105/astro.2105.05859},
archivePrefix = {arXiv},
       eprint = {2105.05859},
 primaryClass = {astro-ph.CO},
}

@ARTICLE{Navarro:1997,
       author = {{Navarro}, Julio F. and {Frenk}, Carlos S. and {White}, Simon D.~M.},
        title = "{A Universal Density Profile from Hierarchical Clustering}",
      journal = {\apj},
     keywords = {Cosmology: Theory, Cosmology: Dark Matter, Galaxies: Halos, Methods: Numerical, Astrophysics},
         year = 1997,
        month = dec,
       volume = {490},
       number = {2},
        pages = {493-508},
          doi = {10.1086/304888},
archivePrefix = {arXiv},
       eprint = {astro-ph/9611107},
 primaryClass = {astro-ph},
       adsurl = {https://ui.adsabs.harvard.edu/abs/1997ApJ...490..493N},
      adsnote = {Provided by the SAO/NASA Astrophysics Data System}
}

@ARTICLE{Lokas:2001,
       author = {{{\L}okas}, Ewa L. and {Mamon}, Gary A.},
        title = "{Properties of spherical galaxies and clusters with an NFW density profile}",
      journal = {\mnras},
     keywords = {METHODS: ANALYTICAL, GALAXIES: CLUSTERS: GENERAL, LARGE-SCALE STRUCTURE OF UNIVERSE, methods: analytical, galaxies: clusters: general, large-scale structure of Universe, Astrophysics},
         year = 2001,
        month = feb,
       volume = {321},
       number = {1},
        pages = {155-166},
          doi = {10.1046/j.1365-8711.2001.04007.x},
archivePrefix = {arXiv},
       eprint = {astro-ph/0002395},
 primaryClass = {astro-ph},
       adsurl = {https://ui.adsabs.harvard.edu/abs/2001MNRAS.321..155L},
      adsnote = {Provided by the SAO/NASA Astrophysics Data System}
}

@ARTICLE{Tinker:2008,
       author = {{Tinker}, Jeremy and {Kravtsov}, Andrey V. and {Klypin}, Anatoly and {Abazajian}, Kevork and {Warren}, Michael and {Yepes}, Gustavo and {Gottl{\"o}ber}, Stefan and {Holz}, Daniel E.},
        title = "{Toward a Halo Mass Function for Precision Cosmology: The Limits of Universality}",
      journal = {\apj},
     keywords = {cosmology: theory, large-scale structure of universe, methods: numerical, Astrophysics},
         year = 2008,
        month = dec,
       volume = {688},
       number = {2},
        pages = {709-728},
          doi = {10.1086/591439},
archivePrefix = {arXiv},
       eprint = {0803.2706},
 primaryClass = {astro-ph},
       adsurl = {https://ui.adsabs.harvard.edu/abs/2008ApJ...688..709T},
      adsnote = {Provided by the SAO/NASA Astrophysics Data System}
}

@ARTICLE{Tinker:2010,
       author = {{Tinker}, Jeremy and {Robertson}, Brant E. and {Kravtsov}, Andrey V. and {Klypin}, Anatoly and {Warren}, Michael S. and {Yepes}, Gustavo and {Gottl{\"o}ber}, Stefan},
        title = "{The Large-scale Bias of Dark Matter Halos: Numerical Calibration and Model Tests}",
      journal = {\apj},
     keywords = {cosmology: theory, large-scale structure of universe, methods: numerical, Astrophysics - Cosmology and Nongalactic Astrophysics},
         year = 2010,
        month = dec,
       volume = {724},
       number = {2},
        pages = {878-886},
          doi = {10.1088/0004-637X/724/2/878},
archivePrefix = {arXiv},
       eprint = {1001.3162},
 primaryClass = {astro-ph.CO},
       adsurl = {https://ui.adsabs.harvard.edu/abs/2010ApJ...724..878T},
      adsnote = {Provided by the SAO/NASA Astrophysics Data System}
}










@software{Bradbury:2018,
  author = {James Bradbury and Roy Frostig and Peter Hawkins and Matthew James Johnson and Chris Leary and Dougal Maclaurin and George Necula and Adam Paszke and Jake Vander{P}las and Skye Wanderman-{M}ilne and Qiao Zhang},
  title = {{JAX}: composable transformations of {P}ython+{N}um{P}y programs},
  url = {http://github.com/jax-ml/jax},
  version = {0.3.13},
  year = {2018},
}
