@ARTICLE{Molinari11,
       author = {{Molinari}, S. and {Schisano}, E. and {Faustini}, F. and {Pestalozzi}, M. and {di Giorgio}, A.~M. and {Liu}, S.},
        title = "{Source extraction and photometry for the far-infrared and sub-millimeter continuum in the presence of complex backgrounds}",
      journal = {Astronomy & Astrophysics},
         year = 2011,
        month = jun,
       volume = {530},
          eid = {A133},
        pages = {A133}
}


@ARTICLE{Menshinkov12,
       author = {{Men'shchikov}, A. and {Andr{\'e}}, Ph. and {Didelon}, P. and {Motte}, F. and {Hennemann}, M. and {Schneider}, N.},
        title = "{A multi-scale, multi-wavelength source extraction method: getsources}",
      journal = {Astronomy & Astrophysics},
     keywords = {stars: formation, infrared: ISM, submillimeter: ISM, methods: data analysis, techniques: image processing, techniques: photometric, Astrophysics - Instrumentation and Methods for Astrophysics, Astrophysics - Astrophysics of Galaxies},
         year = 2012,
        month = jun,
       volume = {542},
          eid = {A81},
        pages = {A81},
          doi = {10.1051/0004-6361/201218797},
archivePrefix = {arXiv},
       eprint = {1204.4508},
 primaryClass = {astro-ph.IM},
       adsurl = {https://ui.adsabs.harvard.edu/abs/2012A&A...542A..81M},
      adsnote = {Provided by the SAO/NASA Astrophysics Data System}
}


@article{Traficante15,
  author = {Traficante, A. and Fuller, G. A. and Peretto, N. and Pineda, J. E.},
  title = {High‐resolution maps of star‐forming regions - I. The HYPER algorithm for compact source extraction},
  journal = {Monthly Notices of the Royal Astronomical Society},
  year = {2015},
  volume = {451},
  number = {4},
  pages = {4086--4103},
  doi = {10.1093/mnras/stv1221},
  url = {https://doi.org/10.1093/mnras/stv1221}
}

@ARTICLE{Berry15,
       author = {{Berry}, D.~S.},
        title = "{FellWalker-A clump identification algorithm}",
      journal = {Astronomy and Computing},
     keywords = {Methods: data analysis, Clump identification, Starlink, Astrophysics - Instrumentation and Methods for Astrophysics},
         year = 2015,
        month = apr,
       volume = {10},
        pages = {22-31},
          doi = {10.1016/j.ascom.2014.11.004},
archivePrefix = {arXiv},
       eprint = {1411.6267},
 primaryClass = {astro-ph.IM},
       adsurl = {https://ui.adsabs.harvard.edu/abs/2015A&C....10...22B},
      adsnote = {Provided by the SAO/NASA Astrophysics Data System}
}

@ARTICLE{Elia21,
       author = {{Elia}, D. and {Merello}, M. and {Molinari}, S. and {Schisano}, E. and {Zavagno}, A. and {Russeil}, D. and {M{\`e}ge}, P. and {Martin}, P.~G. and {Olmi}, L. and {Pestalozzi}, M. and {Plume}, R. and {Ragan}, S.~E. and {Benedettini}, M. and {Eden}, D.~J. and {Moore}, T.~J.~T. and {Noriega-Crespo}, A. and {Paladini}, R. and {Palmeirim}, P. and {Pezzuto}, S. and {Pilbratt}, G.~L. and {Rygl}, K.~L.~J. and {Schilke}, P. and {Strafella}, F. and {Tan}, J.~C. and {Traficante}, A. and {Baldeschi}, A. and {Bally}, J. and {di Giorgio}, A.~M. and {Fiorellino}, E. and {Liu}, S.~J. and {Piazzo}, L. and {Polychroni}, D.},
        title = "{The Hi-GAL compact source catalogue - II. The 360{\textdegree} catalogue of clump physical properties}",
      journal = {MNRAS},
     keywords = {Stars: formation, ISM: clouds, dust, extinction, local interstellar matter, infrared: ISM, submillimeter: ISM, Astrophysics - Astrophysics of Galaxies},
         year = 2021,
        month = jun,
       volume = {504},
       number = {2},
        pages = {2742-2766},
          doi = {10.1093/mnras/stab1038},
archivePrefix = {arXiv},
       eprint = {2104.04807},
 primaryClass = {astro-ph.GA},
       adsurl = {https://ui.adsabs.harvard.edu/abs/2021MNRAS.504.2742E},
      adsnote = {Provided by the SAO/NASA Astrophysics Data System}
}



@ARTICLE{Traficante23,
       author = {{Traficante}, A. and {Jones}, B.~M. and {Avison}, A. and {Fuller}, G.~A. and {Benedettini}, M. and {Elia}, D. and {Molinari}, S. and {Peretto}, N. and {Pezzuto}, S. and {Pillai}, T. and {Rygl}, K.~L.~J. and {Schisano}, E. and {Smith}, R.~J.},
        title = "{The SQUALO project (Star formation in QUiescent And Luminous Objects) I: clump-fed accretion mechanism in high-mass star-forming objects}",
      journal = {MNRAS},
     keywords = {stars: formation, ISM: kinematics and dynamics, Galaxy: kinematics and dynamics, radio continuum: ISM, Astrophysics - Astrophysics of Galaxies},
         year = 2023,
        month = apr,
       volume = {520},
       number = {2},
        pages = {2306-2327},
          doi = {10.1093/mnras/stad272},
archivePrefix = {arXiv},
       eprint = {2301.09917},
 primaryClass = {astro-ph.GA},
       adsurl = {https://ui.adsabs.harvard.edu/abs/2023MNRAS.520.2306T},
      adsnote = {Provided by the SAO/NASA Astrophysics Data System}
}
